%% This BibTeX bibliography file was created using BibDesk.
%% http://bibdesk.sourceforge.net/

%% Created for Stefan Zander at 2017-11-28 17:48:17 +0100 


%% Saved with string encoding Unicode (UTF-8) 



@book{gorski:2015,
	Author = {Gorski, P.L. and Iacono, L.L. and Nguyen, H.V.},
	Date-Added = {2017-11-28 15:17:03 +0000},
	Date-Modified = {2017-11-28 16:48:10 +0000},
	Isbn = {9783446443716},
	Publisher = {Hanser},
	Title = {WebSockets: Moderne HTML5-Echtzeitanwendungen entwickeln},
	Url = {https://books.google.de/books?id=rzS1rQEACAAJ},
	Year = {2015},
	Bdsk-Url-1 = {https://books.google.de/books?id=rzS1rQEACAAJ}}
