%% This BibTeX bibliography file was created using BibDesk.
%% http://bibdesk.sourceforge.net/


%% Created for Stefan Zander at 2018-09-14 12:55:39 +0200 


%% Saved with string encoding Unicode (UTF-8) 



@book{mckay:2013,
	Address = {San Francisco, CA, USA},
	Author = {McKay, Everett N.},
	Date-Added = {2018-09-14 12:45:40 +0200},
	Date-Modified = {2018-09-14 12:45:53 +0200},
	Edition = {1st},
	Isbn = {9780123969804, 9780123972873},
	Publisher = {Morgan Kaufmann Publishers Inc.},
	Title = {UI is Communication: How to Design Intuitive, User Centered Interfaces by Focusing on Effective Communication},
	Year = {2013}}

@webpage{usability_gov:2018a,
	Date-Added = {2018-09-14 12:34:03 +0200},
	Date-Modified = {2018-09-14 12:36:47 +0200},
	Lastchecked = {September 14, 2018},
	Title = {Visual Design Basics},
	Url = {https://www.usability.gov/what-and-why/visual-design.html},
	Year = {2018}}

@webpage{schwartz:2018,
	Author = {Barry Schwartz},
	Date-Added = {2018-06-06 21:38:59 +0000},
	Date-Modified = {2018-06-06 21:40:48 +0000},
	Lastchecked = {2018-06-06},
	Month = {January},
	Title = {The Google Speed Update: Page speed will become a ranking factor in mobile search},
	Url = {https://searchengineland.com/google-speed-update-page-speed-will-become-ranking-factor-mobile-search-289904},
	Year = {2018},
	Bdsk-Url-1 = {https://searchengineland.com/google-speed-update-page-speed-will-become-ranking-factor-mobile-search-289904}}

@misc{mueller:2015,
	Author = {Mueller, Patrick},
	Date-Added = {2018-03-02 15:48:50 +0000},
	Date-Modified = {2018-03-02 15:49:36 +0000},
	Howpublished = {https://www.seonative.de/http2-und-seo-welche-vorteile-hat-das-neue-protokoll/},
	Month = {December},
	Title = {HTTP/2 und SEO: Welche Vorteile hat das neue Protokoll?},
	Year = {2015}}

@misc{weinschenkler:2017,
	Author = {Weinschenkler, Jan},
	Date-Added = {2018-02-16 15:36:27 +0000},
	Date-Modified = {2018-02-16 15:38:03 +0000},
	Howpublished = {https://www.heise.de/developer/artikel/Mit-Java-auf-dem-HTTP-2-Zug-3918097.html},
	Journal = {heise Developer},
	Month = {12},
	Title = {Mit Java auf dem HTTP/2-Zug},
	Year = {2017}}

@misc{vlad:2016,
	Author = {Krasnov, Vlad},
	Date-Added = {2018-02-16 14:34:07 +0000},
	Date-Modified = {2018-02-16 14:34:41 +0000},
	Howpublished = {https://blog.cloudflare.com/announcing-support-for-http-2-server-push-2/},
	Month = {04},
	Title = {Announcing Support for HTTP/2 Server Push},
	Year = {2016}}

@misc{an:2016,
	Author = {An, Daniel and Meenan, Pat},
	Date-Added = {2018-02-16 11:14:03 +0000},
	Date-Modified = {2018-02-16 11:15:08 +0000},
	Howpublished = {https://www.thinkwithgoogle.com/marketing-resources/experience-design/mobile-page-speed-load-time/},
	Month = {07},
	Title = {Why marketers should care about mobile page speed},
	Year = {2016}}

@misc{google:2017,
	Author = {An, Daniel},
	Date-Added = {2018-02-16 10:59:36 +0000},
	Date-Modified = {2018-02-16 11:00:33 +0000},
	Howpublished = {https://www.thinkwithgoogle.com/marketing-resources/data-measurement/mobile-page-speed-new-industry-benchmarks/},
	Month = {02},
	Title = {Find out how you stack up to new industry benchmarks for mobile page speed},
	Year = {2017}}

@webpage{heise:2018,
	Author = {Erik Witt},
	Date-Added = {2018-02-16 10:39:29 +0000},
	Date-Modified = {2018-02-16 10:42:47 +0000},
	Lastchecked = {2018-02-17},
	Month = {02},
	Title = {Schnellere Websites mit HTTP/2},
	Url = {https://www.heise.de/ix/heft/WWW-Beschleuniger-3948333.html},
	Year = {2018},
	Bdsk-Url-1 = {https://www.heise.de/ix/heft/WWW-Beschleuniger-3948333.html}}

@url{hobo:2018,
	Author = {Anderson, Shaun},
	Date-Added = {2018-02-16 10:34:22 +0000},
	Date-Modified = {2018-02-16 10:36:27 +0000},
	Lastchecked = {2018-02-17},
	Month = {2},
	Title = {How Fast Should A Website Load in 2018?},
	Url = {https://www.hobo-web.co.uk/your-website-design-should-load-in-4-seconds/},
	Urldate = {2018-02-17},
	Year = {2018},
	Bdsk-Url-1 = {https://www.hobo-web.co.uk/your-website-design-should-load-in-4-seconds/}}

@book{gorski:2015,
	Author = {Gorski, P.L. and Iacono, L.L. and Nguyen, H.V.},
	Date-Added = {2017-11-28 15:17:03 +0000},
	Date-Modified = {2017-11-28 16:48:10 +0000},
	Isbn = {9783446443716},
	Publisher = {Hanser},
	Title = {WebSockets: Moderne HTML5-Echtzeitanwendungen entwickeln},
	Url = {https://books.google.de/books?id=rzS1rQEACAAJ},
	Year = {2015},
	Bdsk-Url-1 = {https://books.google.de/books?id=rzS1rQEACAAJ}}
